@article{r16,
   author = {Babu, Bijish and Lindgren, Lars-Erik},
   title = {Dislocation density based model for plastic deformation and globularization of {T}i-6{A}l-4{V}},
   journal = {International Journal of Plasticity},
   volume = {50},
   pages = {94-108},
   ISSN = {0749-6419},
   DOI = {https://doi.org/10.1016/j.ijplas.2013.04.003},
   year = {2013},
   type = {Journal Article}
}

@article{r3,
   author = {Bache, MR and Cope, M and Davies, HM and Evans, WJ and Harrison, G},
   title = {Dwell sensitive fatigue in a near alpha titanium alloy at ambient temperature},
   journal = {International Journal of Fatigue},
   volume = {19},
   number = {93},
   pages = {83-88},
   ISSN = {0142-1123},
   year = {1997},
   type = {Journal Article}
}

@article{r29,
   author = {Bantounas, Ioannis and Lindley, Trevor C. and Rugg, David and Dye, David},
   title = {Effect of microtexture on fatigue cracking in {T}i–6{A}l–4{V}},
   journal = {Acta Materialia},
   volume = {55},
   number = {16},
   pages = {5655-5665},
   ISSN = {1359-6454},
   DOI = {http://dx.doi.org/10.1016/j.actamat.2007.06.034},
   year = {2007},
   type = {Journal Article}
}

@article{r13,
   author = {Bieler, Thomas R. and Semiatin, S. L.},
   title = {The origins of heterogeneous deformation during primary hot working of {T}i–6{A}l–4{V}},
   journal = {International Journal of Plasticity},
   volume = {18},
   number = {9},
   pages = {1165-1189},
   ISSN = {0749-6419},
   DOI = {http://dx.doi.org/10.1016/S0749-6419(01)00057-2},
   year = {2002},
   type = {Journal Article}
}

@article{r28,
   author = {Choi, Y. S. and Groeber, M. A. and Turner, T. J. and Dimiduk, D. M. and Woodward, C. and Uchic, M. D. and Parthasarathy, T. A.},
   title = {A crystal-plasticity {FEM} study on effects of simplified grain representation and mesh types on mesoscopic plasticity heterogeneities},
   journal = {Materials Science and Engineering: A},
   volume = {553},
   pages = {37-44},
   ISSN = {0921-5093},
   DOI = {http://dx.doi.org/10.1016/j.msea.2012.05.089},
   year = {2012},
   type = {Journal Article}
}

@article{r18,
   author = {Deka, Dhyanjyoti and Joseph, Deepu S and Ghosh, Somnath and Mills, Michael J},
   title = {Crystal plasticity modeling of deformation and creep in polycrystalline {T}i-6242},
   journal = {Metallurgical and Materials Transactions A},
   volume = {37},
   number = {5},
   pages = {1371-1388},
   ISSN = {1073-5623},
   year = {2006},
   type = {Journal Article}
}

@inproceedings{r7,
   author = {Delfosse, J and Rey, C and Spath, N},
   title = {Polycristalline modelling of forging in $\beta$ phase field of {T}i 17},
   booktitle = {10th World Conference on Titanium; Ti-2003 Science and Technology},
   pages = {1315-1322},
   year = {2003},
   type = {Conference Proceedings}
}

@article{r30,
   author = {Echlin, McLean P. and Stinville, Jean Charles and Miller, Victoria M. and Lenthe, William C. and Pollock, Tresa M.},
   title = {Incipient slip and long range plastic strain localization in microtextured {T}i-6{A}l-4{V} titanium},
   journal = {Acta Materialia},
   volume = {114},
   pages = {164-175},
   ISSN = {1359-6454},
   DOI = {http://dx.doi.org/10.1016/j.actamat.2016.04.057},
   year = {2016},
   type = {Journal Article}
}

@article{r12,
   author = {Germain, Lionel and Gey, Nathalie and Humbert, Michel and Bocher, Philippe and Jahazi, Mohammad},
   title = {Analysis of sharp microtexture heterogeneities in a bimodal {IMI} 834 billet},
   journal = {Acta Materialia},
   volume = {53},
   number = {13},
   pages = {3535-3543},
   ISSN = {1359-6454},
   year = {2005},
   type = {Journal Article}
}

@article{r9,
   author = {Germain, L and Gey, N and Humbert, M and Vo, P and Jahazi, M and Bocher, Philippe},
   title = {Texture heterogeneities induced by subtransus processing of near $\alpha$ titanium alloys},
   journal = {Acta Materialia},
   volume = {56},
   number = {16},
   pages = {4298-4308},
   ISSN = {1359-6454},
   year = {2008},
   type = {Journal Article}
}

@article{r14,
   author = {Gey, N and Bocher, P and Uta, E and Germain, L and Humbert, M},
   title = {Texture and microtexture variations in a near-$\alpha$ titanium forged disk of bimodal microstructure},
   journal = {Acta Materialia},
   volume = {60},
   number = {6},
   pages = {2647-2655},
   ISSN = {1359-6454},
   year = {2012},
   type = {Journal Article}
}

@article{r10,
   author = {Glavicic, M. G. and Bartha, B. B. and Jha, S. K. and Szczepanski, C. J.},
   title = {The origins of microtexture in duplex {T}i alloys},
   journal = {Materials Science and Engineering: A},
   volume = {513},
   pages = {325-328},
   ISSN = {0921-5093},
   DOI = {http://dx.doi.org/10.1016/j.msea.2009.02.003},
   year = {2009},
   type = {Journal Article}
}

@article{r21,
   author = {Dodds, R.},
   title = {{WARP3D}: 3-{D} nonlinear finite element analysis of solids for fracture and fatigue processes},
   journal = {University of Illinois at Urbana-Champaign, Urbana-Champaign, IL},
   year = {2014},
   type = {Journal Article}
}

@article{r2,
   author = {Heckel, TK and Tovar, A Guerrero and Christ, H-J},
   title = {Fatigue of the near-alpha {T}i-alloy {T}i6242},
   journal = {Experimental Mechanics},
   volume = {50},
   number = {4},
   pages = {483-489},
   ISSN = {0014-4851},
   year = {2010},
   type = {Journal Article}
}

@article{r24,
   author = {Kok, S and Beaudoin, AJ and Tortorelli, DA},
   title = {A polycrystal plasticity model based on the mechanical threshold},
   journal = {International Journal of Plasticity},
   volume = {18},
   number = {5},
   pages = {715-741},
   ISSN = {0749-6419},
   year = {2002},
   type = {Journal Article}
}

@article{r8,
   author = {Le Biavant, K and Pommier, S and Prioul, C},
   title = {Local texture and fatigue crack initiation in a {T}i‐6{A}l‐4{V} titanium alloy},
   journal = {Fatigue \& Fracture of Engineering Materials \& Structures},
   volume = {25},
   number = {6},
   pages = {527-545},
   ISSN = {1460-2695},
   year = {2002},
   type = {Journal Article}
}

@article{r11,
   author = {Leo Prakash, D. G. and Honniball, P. and Rugg, D. and Withers, P. J. and Quinta da Fonseca, J. and Preuss, M.},
   title = {The effect of $\beta$ phase on microstructure and texture evolution during thermomechanical processing of $\alpha + \beta$ {T}i alloy},
   journal = {Acta Materialia},
   volume = {61},
   number = {9},
   pages = {3200-3213},
   ISSN = {13596454},
   DOI = {10.1016/j.actamat.2013.02.008},
   year = {2013},
   type = {Journal Article}
}

@article{r15,
   author = {Li, Hongwei and Sun, Xinxin and Yang, He},
   title = {A three-dimensional cellular automata-crystal plasticity finite element model for predicting the multiscale interaction among heterogeneous deformation, {DRX} microstructural evolution and mechanical responses in titanium alloys},
   journal = {International Journal of Plasticity},
   volume = {87},
   pages = {154-180},
   ISSN = {0749-6419},
   DOI = {http://dx.doi.org/10.1016/j.ijplas.2016.09.008},
   year = {2016},
   type = {Journal Article}
}

@article{r25,
   author = {Ma, A and Roters, F and Raabe, D},
   title = {A dislocation density based constitutive model for crystal plasticity {FEM} including geometrically necessary dislocations},
   journal = {Acta Materialia},
   volume = {54},
   number = {8},
   pages = {2169-2179},
   ISSN = {1359-6454},
   year = {2006},
   type = {Journal Article}
}

@article{r31,
   author = {Mainprice, David and Hielscher, Ralf and Schaeben, Helmut},
   title = {Calculating anisotropic physical properties from texture data using the {MTEX} open-source package},
   journal = {Geological Society, London, Special Publications},
   volume = {360},
   number = {1},
   pages = {175-192},
   ISSN = {0305-8719},
   year = {2011},
   type = {Journal Article}
}

@article{r17,
   author = {Mandal, Sudipto and Gockel, Brian T. and Balachandran, Shanoob and Banerjee, Dipankar and Rollett, Anthony D.},
   title = {Simulation of plastic deformation in {T}i-5553 alloy using a self-consistent viscoplastic model},
   journal = {International Journal of Plasticity},
   ISSN = {07496419},
   DOI = {10.1016/j.ijplas.2017.02.008},
   year = {2017},
   type = {Journal Article}
}

@article{r22,
   author = {Messner, Mark and Beaudoin, Armand and Dodds, Robert},
   title = {Consistent crystal plasticity kinematics and linearization for the implicit finite element method},
   journal = {Engineering Computations},
   volume = {32},
   number = {6},
   pages = {1526-1548},
   ISSN = {0264-4401},
   year = {2015},
   type = {Journal Article}
}

@article{r19,
   author = {Odenberger, Eva-Lis and Pederson, Robert and Oldenburg, Mats},
   title = {Thermo-mechanical material response and hot sheet metal forming of {T}i-6242},
   journal = {Materials Science and Engineering: A},
   volume = {489},
   number = {1–2},
   pages = {158-168},
   ISSN = {0921-5093},
   DOI = {https://doi.org/10.1016/j.msea.2007.12.047},
   year = {2008},
   type = {Journal Article}
}

@article{r5,
   author = {Pilchak, AL and Szczepanski, CJ and Shaffer, JA and Salem, AA and Semiatin, SL},
   title = {Characterization of microstructure, texture, and microtexture in near-alpha titanium mill products},
   journal = {Metallurgical and Materials Transactions A},
   volume = {44},
   number = {11},
   pages = {4881-4890},
   ISSN = {1073-5623},
   year = {2013},
   type = {Journal Article}
}

@article{r4,
   author = {Pilchak, Adam L.},
   title = {Fatigue crack growth rates in alpha titanium: Faceted vs. striation growth},
   journal = {Scripta Materialia},
   volume = {68},
   number = {5},
   pages = {277-280},
   ISSN = {1359-6462},
   DOI = {http://dx.doi.org/10.1016/j.scriptamat.2012.10.041},
   year = {2013},
   type = {Journal Article}
}

@article{r26,
   author = {Pilchak, Adam L. and Shank, Jared and Tucker, Joseph C. and Srivatsa, Shesh and Fagin, Patrick N. and Semiatin, S. Lee},
   title = {A dataset for the development, verification, and validation of microstructure-sensitive process models for near-alpha titanium alloys},
   journal = {Integrating Materials and Manufacturing Innovation},
   volume = {5},
   number = {1},
   pages = {14},
   ISSN = {2193-9772},
   DOI = {10.1186/s40192-016-0056-1},
   year = {2016},
   type = {Journal Article}
}

@article{r32,
   author = {Quey, Romain and Dawson, PR and Driver, JH},
   title = {Grain orientation fragmentation in hot-deformed aluminium: Experiment and simulation},
   journal = {Journal of the Mechanics and Physics of Solids},
   volume = {60},
   number = {3},
   pages = {509-524},
   ISSN = {0022-5096},
   year = {2012},
   type = {Journal Article}
}

@article{r27,
   author = {Semiatin, SL and Bieler, TR},
   title = {Effect of texture changes on flow softening during hot working of {T}i-6{A}l-4{V}},
   journal = {Metallurgical and Materials Transactions A},
   volume = {32},
   number = {7},
   pages = {1871-1875},
   ISSN = {1073-5623},
   year = {2001},
   type = {Journal Article}
}

@article{r23,
   author = {Truster, Timothy J. and Nassif, Omar},
   title = {Variational projection methods for gradient crystal plasticity using {L}ie algebras},
   journal = {International Journal for Numerical Methods in Engineering},
   volume = {110},
   number = {4},
   pages = {303-332},
   ISSN = {00295981},
   DOI = {10.1002/nme.5355},
   year = {2017},
   type = {Journal Article}
}

@article{r6,
   author = {Woodfield, AP and Gorman, MD and Corderman, RR and Sutliff, JA and Yamrom, B},
   title = {Titanium'95: {S}cience and {T}echnology},
   journal = {Institute of Materials, Birmingham, UK},
   pages = {1116-23},
   year = {1996},
   type = {Journal Article}
}

@article{Weiss1986,
  title={Modification of alpha morphology in {T}i-6{A}l-4{V} by thermomechanical processing},
  author={Weiss, I and Froes, FH and Eylon, D and Welsch, GE},
  journal={Metallurgical and Materials Transactions A},
  volume={17},
  number={11},
  pages={1935--1947},
  year={1986},
  publisher={Springer}
}

@inproceedings{Venkatesh2016,
  title={{ICME} of microtexture evolution in dual phase titanium alloys},
  author={Venkatesh, V and Tamirisa, S and Sartkulvanich, J and Calvert, K and Dempster, I and Saraf, V and Salem, AA and Rokhlin, S and Broderick, T and Glavicic, MG and others},
  booktitle={Proceedings of the 13th World Conference on Titanium},
  pages={1907--1912},
  year={2016},
  organization={Wiley Online Library}
}

@inproceedings{Miller2016,
  title={Polycrystal plasticity simulation of microtextured titanium},
  author={Miller, VM and Echlin, MP and Beyerlein, IJ and Pollock, TM},
  booktitle={Proceedings of the 13th World Conference on Titanium},
  pages={209--214},
  year={2016},
  organization={John Wiley \& Sons, Inc.}
}

@article{Ghosh-TiCPFE,
   author = {Ghosh, Somnath and Shahba, Ahmad and Tu, Xiaohui and Huskins, Emily L. and Schuster, Brian E.},
   title = {Crystal plasticity FE modeling of Ti alloys for a range of strain-rates. Part II: Image-based model with experimental validation},
   journal = {International Journal of Plasticity},
   volume = {87},
   number = {Supplement C},
   pages = {69-85},
   ISSN = {0749-6419},
   DOI = {https://doi.org/10.1016/j.ijplas.2016.09.003},
   url = {http://www.sciencedirect.com/science/article/pii/S0749641916301541},
   year = {2016},
   type = {Journal Article}
}

@article{Khan-multiaxial,
   author = {Khan, Akhtar S. and Kazmi, Rehan and Farrokh, Babak},
   title = {Multiaxial and non-proportional loading responses, anisotropy and modeling of Ti–6Al–4V titanium alloy over wide ranges of strain rates and temperatures},
   journal = {International Journal of Plasticity},
   volume = {23},
   number = {6},
   pages = {931-950},
   ISSN = {0749-6419},
   DOI = {https://doi.org/10.1016/j.ijplas.2006.08.006},
   url = {http://www.sciencedirect.com/science/article/pii/S0749641906001264},
   year = {2007},
   type = {Journal Article}
}

@article{Khan-ti6al4v,
   author = {Khan, Akhtar S. and Yu, Shaojuan and Liu, Haowen},
   title = {Deformation induced anisotropic responses of Ti–6Al–4V alloy Part II: A strain rate and temperature dependent anisotropic yield criterion},
   journal = {International Journal of Plasticity},
   volume = {38},
   number = {Supplement C},
   pages = {14-26},
   ISSN = {0749-6419},
   DOI = {https://doi.org/10.1016/j.ijplas.2012.03.013},
   url = {http://www.sciencedirect.com/science/article/pii/S0749641912000538},
   year = {2012},
   type = {Journal Article}
}

@article{Khan-nanocrystalline,
   author = {Liu, Jian and Khan, Akhtar S. and Takacs, Laszlo and Meredith, Christopher S.},
   title = {Mechanical behavior of ultrafine-grained/nanocrystalline titanium synthesized by mechanical milling plus consolidation: Experiments, modeling and simulation},
   journal = {International Journal of Plasticity},
   volume = {64},
   number = {Supplement C},
   pages = {151-163},
   ISSN = {0749-6419},
   DOI = {https://doi.org/10.1016/j.ijplas.2014.08.007},
   url = {http://www.sciencedirect.com/science/article/pii/S0749641914001612},
   year = {2015},
   type = {Journal Article}
}

@article{McDowell-TiCPFE,
   author = {Smith, B. D. and Shih, D. S. and McDowell, D. L.},
   title = {Cyclic plasticity experiments and polycrystal plasticity modeling of three distinct Ti alloy microstructures},
   journal = {International Journal of Plasticity},
   ISSN = {0749-6419},
   DOI = {https://doi.org/10.1016/j.ijplas.2013.10.004},
   url = {http://www.sciencedirect.com/science/article/pii/S0749641913001952},
   year = {2013},
   type = {Journal Article}
}

@article{Yang-VPSC,
  title={Internal-state-variable based self-consistent constitutive modeling for hot working of two-phase titanium alloys coupling microstructure evolution},
  author={Fan, XG and Yang, He},
  journal={International Journal of Plasticity},
  volume={27},
  number={11},
  pages={1833--1852},
  year={2011},
  publisher={Elsevier}
}

@article{Toth,
  title={Stress response and persistence characteristics of the ideal orientations of shear textures},
  author={T{\'o}th, LS and Neale, KW and Jonas, JJ},
  journal={Acta Metallurgica},
  volume={37},
  number={8},
  pages={2197--2210},
  year={1989},
  publisher={Elsevier}
}

@article{softSlip,
  title={Effect of texture and slip mode on the anisotropy of plastic flow and flow softening during hot working of Ti-6Al-4V},
  author={Semiatin, SL and Bieler, TR},
  journal={Metallurgical and Materials Transactions A},
  volume={32},
  number={7},
  pages={1787--1799},
  year={2001},
  publisher={Springer}
}

@article{softOverview,
  title={Hot workability of titanium and titanium aluminide alloys—an overview},
  author={Semiatin, SL and Seetharaman, V and Weiss, I},
  journal={Materials Science and Engineering: A},
  volume={243},
  number={1-2},
  pages={1--24},
  year={1998},
  publisher={Elsevier}
}